<?xml version="1.0" encoding="utf-8"?>
<root>
    <template name="USMARC模板">
        <record xmlns="http://www.loc.gov/MARC21/slim" xmlns:xsi="http://www.w3.org/2001/XMLSchema-instance" xsi:schemaLocation="http://www.loc.gov/MARC21/slim USMARC.xsd">
            <usmarc:leader xmlns:usmarc="http://www.loc.gov/MARC21/slim">01142cam  2200301 a 4500</usmarc:leader>
            <usmarc:controlfield tag="008" xmlns:usmarc="http://www.loc.gov/MARC21/slim">定长数据元素 - 通用+连续出版物</usmarc:controlfield>
            <usmarc:datafield tag="020" ind1=" " ind2=" " xmlns:usmarc="http://www.loc.gov/MARC21/slim">
                <usmarc:subfield code="a">国际标准书号</usmarc:subfield>
                <usmarc:subfield code="c">获得方式或价格</usmarc:subfield>
            </usmarc:datafield>
            <usmarc:datafield tag="040" ind1=" " ind2=" " xmlns:usmarc="http://www.loc.gov/MARC21/slim">
                <usmarc:subfield code="a">原始编目机构</usmarc:subfield>
                <usmarc:subfield code="b">编目语种</usmarc:subfield>
                <usmarc:subfield code="c">转录机构</usmarc:subfield>
                <usmarc:subfield code="d">修改机构</usmarc:subfield>
            </usmarc:datafield>
            <usmarc:datafield tag="041" ind1="0" ind2=" " xmlns:usmarc="http://www.loc.gov/MARC21/slim">
                <usmarc:subfield code="a">正文/声道或篇名语种代码</usmarc:subfield>
                <usmarc:subfield code="b">文摘或摘要/添印题名或副题名语种代码</usmarc:subfield>
            </usmarc:datafield>
            <usmarc:datafield tag="043" ind1=" " ind2=" " xmlns:usmarc="http://www.loc.gov/MARC21/slim">
                <usmarc:subfield code="a">地理区域代码(GAC)</usmarc:subfield>
            </usmarc:datafield>
            <usmarc:datafield tag="050" ind1="0" ind2="0" xmlns:usmarc="http://www.loc.gov/MARC21/slim">
                <usmarc:subfield code="a">美国国会图书馆索书号</usmarc:subfield>
            </usmarc:datafield>
            <usmarc:datafield tag="082" ind1="0" ind2="0" xmlns:usmarc="http://www.loc.gov/MARC21/slim">
                <usmarc:subfield code="a">杜威十进分类号</usmarc:subfield>
                <usmarc:subfield code="2">分类法版次</usmarc:subfield>
            </usmarc:datafield>
            <usmarc:datafield tag="093" ind1="0" ind2="0" xmlns:usmarc="http://www.loc.gov/MARC21/slim">
                <usmarc:subfield code="a">中图法分类号</usmarc:subfield>
                <usmarc:subfield code="2">分类法版次</usmarc:subfield>
            </usmarc:datafield>
            <usmarc:datafield tag="100" ind1="1" ind2=" " xmlns:usmarc="http://www.loc.gov/MARC21/slim">
                <usmarc:subfield code="a">个人名称</usmarc:subfield>
                <usmarc:subfield code="b">世次</usmarc:subfield>
                <usmarc:subfield code="c">称谓和其它与名称相连的词</usmarc:subfield>
                <usmarc:subfield code="d">与名称相连的日期</usmarc:subfield>
                <usmarc:subfield code="q">名称的完全形式</usmarc:subfield>
            </usmarc:datafield>
            <usmarc:datafield tag="110" ind1="2" ind2=" " xmlns:usmarc="http://www.loc.gov/MARC21/slim">
                <usmarc:subfield code="a">团体名称</usmarc:subfield>
                <usmarc:subfield code="b">下属单位</usmarc:subfield>
                <usmarc:subfield code="c">会议地址</usmarc:subfield>
                <usmarc:subfield code="d">会议日期或签约日期</usmarc:subfield>
                <usmarc:subfield code="n">会议届次、著作分卷/分节号</usmarc:subfield>
            </usmarc:datafield>
            <usmarc:datafield tag="111" ind1="2" ind2=" " xmlns:usmarc="http://www.loc.gov/MARC21/slim">
                <usmarc:subfield code="a">会议名称</usmarc:subfield>
                <usmarc:subfield code="c">会议地址</usmarc:subfield>
                <usmarc:subfield code="d">会议日期</usmarc:subfield>
                <usmarc:subfield code="e">下属单位</usmarc:subfield>
            </usmarc:datafield>
            <usmarc:datafield tag="130" ind1="0" ind2=" " xmlns:usmarc="http://www.loc.gov/MARC21/slim">
                <usmarc:subfield code="a">统一题名</usmarc:subfield>
                <usmarc:subfield code="d">签约日期</usmarc:subfield>
                <usmarc:subfield code="f">著作日期</usmarc:subfield>
                <usmarc:subfield code="k">形式副标目</usmarc:subfield>
                <usmarc:subfield code="l">著作语种</usmarc:subfield>
            </usmarc:datafield>
            <usmarc:datafield tag="245" ind1="1" ind2="0" xmlns:usmarc="http://www.loc.gov/MARC21/slim">
                <usmarc:subfield code="a">题名</usmarc:subfield>
                <usmarc:subfield code="b">题名其余部分</usmarc:subfield>
                <usmarc:subfield code="c">责任者说明</usmarc:subfield>
                <usmarc:subfield code="g">集中出版日期</usmarc:subfield>
                <usmarc:subfield code="h">载体</usmarc:subfield>
                <usmarc:subfield code="n">著作分卷/分节号</usmarc:subfield>
                <usmarc:subfield code="p">著作分卷/分节题名</usmarc:subfield>
                <usmarc:subfield code="s">版本</usmarc:subfield>
            </usmarc:datafield>
            <usmarc:datafield tag="250" ind1=" " ind2=" " xmlns:usmarc="http://www.loc.gov/MARC21/slim">
                <usmarc:subfield code="a">版本说明</usmarc:subfield>
                <usmarc:subfield code="b">版本说明的其它部分</usmarc:subfield>
            </usmarc:datafield>
            <usmarc:datafield tag="260" ind1="3" ind2=" " xmlns:usmarc="http://www.loc.gov/MARC21/slim">
                <usmarc:subfield code="a">出版发行地</usmarc:subfield>
                <usmarc:subfield code="b">出版发行者</usmarc:subfield>
                <usmarc:subfield code="c">出版发行日期</usmarc:subfield>
            </usmarc:datafield>
            <usmarc:datafield tag="300" ind1=" " ind2=" " xmlns:usmarc="http://www.loc.gov/MARC21/slim">
                <usmarc:subfield code="a">篇幅</usmarc:subfield>
                <usmarc:subfield code="b">其它形态细节</usmarc:subfield>
                <usmarc:subfield code="c">尺寸</usmarc:subfield>
                <usmarc:subfield code="e">附件</usmarc:subfield>
            </usmarc:datafield>
            <usmarc:datafield tag="440" ind1=" " ind2="0" xmlns:usmarc="http://www.loc.gov/MARC21/slim">
                <usmarc:subfield code="a">丛编题名</usmarc:subfield>
                <usmarc:subfield code="n">附属丛编编号</usmarc:subfield>
                <usmarc:subfield code="p">附属丛编题名</usmarc:subfield>
                <usmarc:subfield code="v">丛编卷期/序号标识</usmarc:subfield>
            </usmarc:datafield>
            <usmarc:datafield tag="490" ind1=" " ind2=" " xmlns:usmarc="http://www.loc.gov/MARC21/slim">
            </usmarc:datafield>
            <usmarc:datafield tag="500" ind1=" " ind2=" " xmlns:usmarc="http://www.loc.gov/MARC21/slim">
                <usmarc:subfield code="a">One Mylar sheet included in pocket.</usmarc:subfield>
            </usmarc:datafield>
            <usmarc:datafield tag="504" ind1=" " ind2=" " xmlns:usmarc="http://www.loc.gov/MARC21/slim">
            </usmarc:datafield>
            <usmarc:datafield tag="505" ind1=" " ind2=" " xmlns:usmarc="http://www.loc.gov/MARC21/slim">
            </usmarc:datafield>
            <usmarc:datafield tag="520" ind1=" " ind2=" " xmlns:usmarc="http://www.loc.gov/MARC21/slim">
                <usmarc:subfield code="a">A poem about numbers and their characteristics. Features anamorphic, or distorted, drawings which can be restored to normal by viewing from a particular angle or by viewing the image's reflection in the provided Mylar cone.</usmarc:subfield>
            </usmarc:datafield>
            <usmarc:datafield tag="533" ind1=" " ind2=" " xmlns:usmarc="http://www.loc.gov/MARC21/slim">
            </usmarc:datafield>
            <usmarc:datafield tag="600" ind1=" " ind2=" " xmlns:usmarc="http://www.loc.gov/MARC21/slim">
            </usmarc:datafield>
            <usmarc:datafield tag="610" ind1=" " ind2=" " xmlns:usmarc="http://www.loc.gov/MARC21/slim">
            </usmarc:datafield>
            <usmarc:datafield tag="630" ind1=" " ind2=" " xmlns:usmarc="http://www.loc.gov/MARC21/slim">
            </usmarc:datafield>
            <usmarc:datafield tag="650" ind1=" " ind2="0" xmlns:usmarc="http://www.loc.gov/MARC21/slim">
                <usmarc:subfield code="a">Arithmetic</usmarc:subfield>
                <usmarc:subfield code="x">Juvenile poetry.</usmarc:subfield>
            </usmarc:datafield>
            <usmarc:datafield tag="651" ind1=" " ind2="0" xmlns:usmarc="http://www.loc.gov/MARC21/slim">
                <usmarc:subfield code="a">Children's poetry, American.</usmarc:subfield>
            </usmarc:datafield>
            <usmarc:datafield tag="653" ind1=" " ind2="1" xmlns:usmarc="http://www.loc.gov/MARC21/slim">
                <usmarc:subfield code="a">Arithmetic</usmarc:subfield>
                <usmarc:subfield code="x">Poetry.</usmarc:subfield>
            </usmarc:datafield>
            <usmarc:datafield tag="655" ind1=" " ind2="1" xmlns:usmarc="http://www.loc.gov/MARC21/slim">
                <usmarc:subfield code="a">American poetry.</usmarc:subfield>
            </usmarc:datafield>
            <usmarc:datafield tag="650" ind1=" " ind2="1" xmlns:usmarc="http://www.loc.gov/MARC21/slim">
                <usmarc:subfield code="a">Visual perception.</usmarc:subfield>
            </usmarc:datafield>
            <usmarc:datafield tag="700" ind1="1" ind2=" " xmlns:usmarc="http://www.loc.gov/MARC21/slim">
                <usmarc:subfield code="a">Rand, Ted,</usmarc:subfield>
                <usmarc:subfield code="e">ill.</usmarc:subfield>
            </usmarc:datafield>
            <usmarc:datafield tag="710" ind1=" " ind2=" " xmlns:usmarc="http://www.loc.gov/MARC21/slim">
            </usmarc:datafield>
            <usmarc:datafield tag="730" ind1=" " ind2=" " xmlns:usmarc="http://www.loc.gov/MARC21/slim">
            </usmarc:datafield>
            <usmarc:datafield tag="740" ind1=" " ind2=" " xmlns:usmarc="http://www.loc.gov/MARC21/slim">
            </usmarc:datafield>
            <usmarc:datafield tag="810" ind1=" " ind2=" " xmlns:usmarc="http://www.loc.gov/MARC21/slim">
            </usmarc:datafield>
            <usmarc:datafield tag="830" ind1=" " ind2=" " xmlns:usmarc="http://www.loc.gov/MARC21/slim">
            </usmarc:datafield>
            <usmarc:datafield tag="856" ind1=" " ind2=" " xmlns:usmarc="http://www.loc.gov/MARC21/slim">
            </usmarc:datafield>
        </record>